

@Article{abril07,
  author 	= "Arora, Ritu",
  title 	= "Conquering Big Data with High Performance Computing.",
  journal 	= "Communications of the ACM",
  volume 	= "50",
  number 	= "1",
  month 	= jan,
  year 		= "2007",
  pages 	= "36--44",
  doi 		= "10.1145/1188913.1188915",
  url		= "http://doi.acm.org/10.1145/1219092.1219093",
  note		= "",
}
